<record><leader>00000cas a2200000 a 4500</leader><controlfield tag="001">12130424</controlfield><controlfield tag="008">850607d18951899ksudr ne      0    0eng d</controlfield><datafield ind1=" " ind2=" " tag="010"><subfield code="a">sn 85030532 </subfield></datafield><datafield ind1=" " ind2=" " tag="040"><subfield code="a">KSH</subfield><subfield code="b">eng</subfield><subfield code="c">KSH</subfield><subfield code="d">NPT</subfield><subfield code="d">OCL</subfield><subfield code="d">OCLCQ</subfield></datafield><datafield ind1=" " ind2=" " tag="042"><subfield code="a">msc</subfield></datafield><datafield ind1="0" ind2=" " tag="130"><subfield code="a">Daily tribune (Chanute, Kan.)</subfield></datafield><datafield ind1="1" ind2="0" tag="245"><subfield code="a">Daily tribune.</subfield></datafield><datafield ind1=" " ind2=" " tag="260"><subfield code="a">Chanute, Kan. :</subfield><subfield code="b">G.M. Dewey,</subfield><subfield code="c">1895-1899.</subfield></datafield><datafield ind1=" " ind2=" " tag="300"><subfield code="a">5 v. :</subfield><subfield code="b">ill. ;</subfield><subfield code="c">57 cm.</subfield></datafield><datafield ind1=" " ind2=" " tag="310"><subfield code="a">Daily (except Sunday)</subfield></datafield><datafield ind1="0" ind2=" " tag="362"><subfield code="a">Vol. 4, whole no. 1174 (Dec. 27, 1895)-v. 8, no. 2341 (Sept. 23, 1899).</subfield></datafield><datafield ind1=" " ind2=" " tag="500"><subfield code="a">Published by Dewey &amp; Cavaness, Sept. 19-23, 1899.</subfield></datafield><datafield ind1=" " ind2=" " tag="752"><subfield code="a">United States</subfield><subfield code="b">Kansas</subfield><subfield code="c">Neosho</subfield><subfield code="d">Chanute.</subfield></datafield><datafield ind1="0" ind2="0" tag="780"><subfield code="t">Chanute daily tribune (Chanute, Kan. : 1891)</subfield><subfield code="w">(DLC)sn 85030531</subfield></datafield><datafield ind1="0" ind2="0" tag="785"><subfield code="t">Chanute daily tribune (Chanute, Kan. : 1899)</subfield><subfield code="w">(DLC)sn 85030530</subfield></datafield></record>